@book{soa-governance,
	author = "Thomas Erl",
	title = "SOA Governance",
	publisher = "Prentice Hall",
	year = 2011,
}

@book{fielding,
  author = "Roy Thomas Fielding",
  title = "Architectural Styles and the Design of Network-based Software Architectures.",
  booktitle = "Doctoral dissertation",
  publisher = "University of California",
  year =  2000,
}

  %howpublished = {\url{http://www.ics.uci.edu/~fielding/pubs/dissertation}

@misc{website:versioning-in-soa,
  author = "Boris Lublinsky",
  title = {Versioning in SOA},
  howpublished = {\url{http://msdn.microsoft.com/en-us/library/bb491124.aspx}
}  

@misc{website:ontology-taxonomy,
  author = "Shy Cohen",
  title = {Ontology and Taxonomy of Services in a Service-Oriented Architecture},
  howpublished = {\url{http://msdn.microsoft.com/en-us/library/bb491121.aspx}}
}

@misc{website:service-versioning,
  author = "John Evdemon",
  title = {Principles of Service Design: Service Versioning},
  howpublished = {\url{http://msdn.microsoft.com/en-us/library/ms954726.aspx}}
}

@misc{website:webopedia,
  title = {Source Code Control System},
  howpublished = {\url{http://www.webopedia.com/TERM/S/source_code_control_system.html}}
}

@misc{website:w3,
  author = The World Wide Web Consortium (W3C),
  title = HTTP - Hypertext Transfer Protocol,
  howpublished = {\url{http://www.w3.org/Protocols/rfc2616/rfc2616-sec14.html}
}

@misc{website:restapi-example,
  author = Tim Wood,
  title = How are REST APIs versioned?,
  howpublished = {\url{http://www.lexicalscope.com/blog/2012/03/12/how-are-rest-apis-versioned/}
}



@book{agile-architecture,
  author = "Jason Bloomberg",
  title = "The agile architecture revolution",
  publisher = "John Wiley \& Sons, Inc., Hoboken, New Jersey"
}

@book{soa-contract,
  author = "Thomas Erl",
  title = "Web Service Contract Design and Versioning for SOA",
  publisher = "Prentice Hall",
  year = 2009,
  ISBN = "978-1782166528"
}

@book{applied-soa,
  author = "Michael Rosen, Boris Lublinsky, Kevin T. Smith, Marc J. Balcer",
  title = "Applied SOA: Service-Oriented Architecture and Design Strategies",
  publisher = "John Wiley \& Sons",
  year =  2012
}


